amount,capex,cash_and_equiv,cff,cfi,cfo,code,commission_net,curr,current_assets,current_debt,current_lease,current_liabilities,depr_depl_amort,earnings,earnings_stock_holders,earnings_wo_tax,ebit,ebitda,equity,equity_stock_holders,exchange,fcf,ffo,gen,gross_profit,id,interest_expense,interest_income,interest_net,link,link_press,long_term_assets,long_term_debt,long_term_lease,long_term_liabilities,month,net_debt,operating_income,period,preliminary,ref_id,revenue,sel_gen_adm_expenses,total_assets,total_debt,total_expenses,total_liabilities,type,year,capital,num1,price1,num1_day,price1_day,earnings_ps,revenue_ps,ebitda_ps,fcf_ps
1,55268987860,60013377752,-17359695016,-61236550080,83068124740,CHMF,0,RUB,287574506304,38176779268,0,172928974792,20830223484,70002961940,65529761932,78222678696,90668236536,115419136000,227596069892,215106489184,MOEX,27799136880,0,,158095168312,477681932,14045484764,1599926924,-12445557840,https://cdn.financemarker.ru/reports/2011/MOEX/C/CHMF_2011_12_Y_МСФО.pdf,https://www.severstal.com/files_archive/eng/ir/conferences_presentations/financial/6195.pdf,289192403060,154277480724,0,176241864680,12,132440882240,94339460332,Y,0,0,509222529600,23139636732,576766909364,192454259992,63755707980,349170839472,МСФО,2011,367206373762,1007701355,364.4000,837718660,785.4000,65.02895089587331,505.3307977342156,114.53704555155629,27.586682048274113
1,39628188300,52750648312.5,-25518659922.5,-33675159495,53486595142.5,CHMF,0,RUB,174076726905,42234376360,0,102968446565,16980894422.5,25051007942.5,23283653815,35211468365,43516691290,64751342500,220479787972.5,219844711450,MOEX,13858406842.5,0,,98237748317.5,15889900,10284829447.5,1979606522.5,-8305222925,https://cdn.financemarker.ru/reports/2012/MOEX/C/CHMF_2012_12_Y_МСФО.pdf,https://severstal.com/upload/iblock/d3b/severstal-q4-2012-press-release-rus.pdf,305896495457.5,132234892190,0,156524987825,12,125652440000,42462151965,Y,0,2939600942.5,312457190707.5,20116430055,479973222362.5,174469268550,55775596352.5,259493434390,МСФО,2012,311798885252,837718660,372.2000,837718660,785.4000,27.794121017908328,372.9858311948071,77.29485517249908,16.543032290220204
1,35657061570,34077509460.000004,-37539872685,-36858222495,51905250765.00001,CHMF,0,RUB,160869477735.00003,20642237505.000004,0,83855045835.00002,19974863745,3032590050.0000005,2819594925.0000005,10918080765.000002,18992454570,67862385000.00001,229730686515.00003,229206636270.00003,MOEX,16052760000.000002,0,,92860381035.00002,17138295,9059611950,985238145.0000001,-8074373805.000001,https://cdn.financemarker.ru/reports/2013/MOEX/C/CHMF_2013_12_Y_МСФО.pdf,https://severstal.com/upload/iblock/394/severstal-q4-2013-press-release-rus.pdf,316689737445,135743684625.00002,0,163973482830.00003,12,122308412670.00002,39872161080,Y,0,3164433210.0000005,310316429880,18187777080,477559215180.00006,156385922130,52988219955.00001,247828528665.00003,МСФО,2013,265975674550,837718660,317.5000,837718660,785.4000,3.365801741840155,370.4303660610831,81.00856318516291,19.162471562946923
1,45219392000,110117056000,-119056448000,69773696000,118301824000,CHMF,0,RUB,209669376000,44929152000,0,100713280000,32564928000,-92644608000,-92586560000,-46786688000,-34828800000,127879744000,164101696000,163114880000,MOEX,71515136000,0,,163811456000,30301056000,14918336000,2960448000,-11957888000,https://cdn.financemarker.ru/reports/2014/MOEX/C/CHMF_2014_12_Y_МСФО.pdf,https://severstal.com/upload/iblock/22a/severstal-q4-2014-press-release-rus.pdf,228767168000,154059392000,0,173621568000,12,88871488000,92992896000,Y,0,5584043456000,481566208000,24322112000,438436544000,198988544000,70818560000,274334848000,МСФО,2014,416639375551,837718660,497.3500,837718660,785.4000,-110.52226054031075,574.8543407162496,152.65237615693079,85.368918486309
1,32046780500,120230176500,-124245149000,-22191848000,135268073500,CHMF,0,RUB,214399531500,37010746500,0,94680351500,26790816500,44018698500,44164697500,52705639000,60662584500,153006952000,165562866000,164467873500,MOEX,113295224000,0,,188776707000,359303539000,15329895000,7372949500,-7956945500,https://cdn.financemarker.ru/reports/2015/MOEX/C/CHMF_2015_12_Y_МСФО.pdf,https://severstal.com/upload/iblock/190/severstal-q4-2015-press-release-rus.pdf,213888535000,141984027500,0,168044849000,12,58764597500,124318148500,Y,0,7022259902000,466904802000,21169855000,428288066500,178994774000,64458558500,262725200500,МСФО,2015,512264960590,837718660,611.5000,837718660,785.4000,52.7202026274549,557.3527537276059,182.64718133412475,135.24256938480994
1,32165437500,70702695000,-81424507500,-40620352500,90492097500,CHMF,0,RUB,172039140000,41233027500,0,110036430000,21014752500,99253350000,99314617500,105196297500,110955442500,117082192500,186314467500,185395455000,MOEX,62554117500,0,,143549752500,301619902500,9618997500,3859852500,-5759145000,https://cdn.financemarker.ru/reports/2016/MOEX/C/CHMF_2016_12_Y_МСФО.pdf,https://severstal.com/upload/iblock/359/severstal-q4-2016-press-release-rus.pdf,225158062500,82098450000,0,100846305000,12,52628782500,92942797500,Y,0,5893627162500,362458530000,17093632500,397197202500,123331477500,50606955000,210882735000,МСФО,2016,778073091408,837718660,928.8000,837718660,785.4000,118.55366514099137,432.67333928075567,139.76314255671468,74.67198772915002
1,34078242000,59449522000,-85743394000,-33443960000,110365068000,CHMF,0,RUB,170218224000,33789932000,0,96295540000,23295448000,78132010000,78189672000,101715768000,108000926000,148594974000,195935476000,195070546000,MOEX,80323166000,0,,179501806000,50396588000,9110596000,2825438000,-6285158000,https://cdn.financemarker.ru/reports/2017/MOEX/C/CHMF_2017_12_Y_МСФО.pdf,https://www.severstal.com/upload/iblock/f19/severstal-q4-2017-presentation.pdf,245467134000,86896634000,0,123454342000,12,61237044000,124665244000,Y,0,5546738428000,452531376000,16491332000,415685358000,120686566000,54836562000,219749882000,МСФО,2017,748334078978,837718660,893.3000,837718660,785.4000,93.3364334990461,540.1949337024437,177.38052295504556,95.88322408862183
1,7769816000,43248167000,-31650574000,-7598423000,23595103000,CHMF,0,RUB,158995573000,1713930000,0,60844515000,6113017000,26337391000,26337391000,32507539000,33935814000,40334486000,221096970000,220240005000,MOEX,16510859000,0,,49075529000,63758196000,1885323000,457048000,-1428275000,https://cdn.financemarker.ru/reports/2018/MOEX/C/CHMF_2018_3_Q_МСФО.pdf,https://www.severstal.com/files/21745/Severstal%20-%20Q1%202018%20Presentation.pdf,244806335000,86382072000,0,121860423000,3,44847835000,33421635000,Q,0,0,124145663000,4570480000,403801908000,88096002000,15653894000,182704938000,МСФО,2018,731412162046,837718660,873.1000,837718660,785.4000,31.439422633847023,148.19493575563902,48.148009499991325,19.709312670676333
1,18597680000,86454080000,-45740240000,-5843190000,73071290000,CHMF,0,RUB,200867510000,11812040000,0,122455670000,12942980000,63960940000,63960940000,78663160000,81741830000,99271400000,202375430000,201495810000,MOEX,55730210000,0,,116423990000,8900434970000,3832630000,753960000,-3078670000,https://cdn.financemarker.ru/reports/2018/MOEX/C/CHMF_2018_6_6M_МСФО.pdf,https://www.severstal.com/files/22075/Severstal%20-%20Q2%202018%20Presentation.pdf,238754000000,84255030000,0,114790410000,6,9612990000,84883330000,6M,0,0,278462560000,9864310000,439621510000,96067070000,31540660000,237246080000,МСФО,2018,775141076098,837718660,925.3000,837718660,785.4000,76.35133733322832,332.4058222601846,118.5020756252463,66.52616524024903
1,10052800000,86454080000,-10932420000,2513200000,47122500000,CHMF,0,RUB,200867510000,11812040000,0,122455670000,6220170000,34996310000,34996310000,42912890000,44420810000,54913420000,202375430000,201495810000,MOEX,37572340000,0,X,62453020000,230800727280000,1759240000,251320000,-1507920000,https://cdn.financemarker.ru/reports/2018/MOEX/C/CHMF_2018_6_6M_МСФО.pdf,https://www.severstal.com/files/22075/Severstal%20-%20Q2%202018%20Presentation.pdf,238754000000,84255030000,0,114790410000,6,9612990000,48127780000,Q,0,0,141932970000,4837910000,439621510000,96067070000,14325240000,237246080000,МСФО,2018,775141076098,837718660,925.3000,837718660,785.4000,41.77573172358367,169.42796761862746,65.55114816231979,44.850785584745125
1,30445267200,69157999200,-99209577600,-16797388800,118237869600,CHMF,0,RUB,182474758800,9776605200,0,109511101200,19750054800,96650600400,96650600400,119878239600,124733734800,154063550400,196516326000,195597718800,MOEX,89761046400,0,,180834388800,9294861338400,5642872800,787377600,-4855495200,https://cdn.financemarker.ru/reports/2018/MOEX/C/CHMF_2018_9_9M_МСФО.pdf,https://www.severstal.com/files/23289/Severstal%20-%20Q3%202018%20Presentation.pdf,244087056000,88120676400,0,120534387600,9,28739282400,132673125600,9M,0,0,426168126000,15813166800,426561814800,97897281600,48161263200,230045488800,МСФО,2018,910767727152,837718660,1087.2000,837718660,785.4000,115.37357947834181,508.72464271,183.9084620605204,107.14939356848038
1,11023286400,69157999200,-51442003200,-10695212400,41927857200,CHMF,0,RUB,182474758800,9776605200,0,109511101200,6233406000,29854734000,29854734000,37728510000,39368880000,50392166400,196516326000,195597718800,MOEX,31560718800,0,X,59250164400,241030521771600,1640370000,0,-1640370000,https://cdn.financemarker.ru/reports/2018/MOEX/C/CHMF_2018_9_9M_МСФО.pdf,https://www.severstal.com/files/23289/Severstal%20-%20Q3%202018%20Presentation.pdf,244087056000,88120676400,0,120534387600,9,28739282400,44027530800,Q,0,0,135363332400,5511643200,426561814800,97897281600,15222633600,230045488800,МСФО,2018,910767727152,837718660,1087.2000,837718660,785.4000,35.63813894273287,161.58567173375366,60.154045512129336,37.67460402517475
1,27328280000,15895020000,-127508735000,-26003695000,76059065000,CHMF,0,RUB,144449480000,7668650000,0,78289945000,13873285000,72015595000,72015595000,88328905000,91814655000,108894830000,200709485000,199733475000,MOEX,49776510000,0,X,126114435000,256092405585000,3625180000,139430000,-3485750000,https://cdn.financemarker.ru/reports/2018/MOEX/C/CHMF_2018_12_Y_МСФО.pdf,https://www.severstal.com/upload/iblock/e29/severstal-q4-2018-presentation.pdf,265056430000,93766675000,0,130506480000,12,85540305000,94533540000,6M,0,0,289177820000,10387535000,409505910000,101435325000,31580895000,208796425000,МСФО,2018,789298521452,837718660,942.2000,837718660,785.4000,85.96632549643815,345.1968230002182,129.9897390372085,59.41912527052937
1,15616160000,15895020000,-72852175000,-14640150000,31511180000,CHMF,0,RUB,144449480000,7668650000,0,78289945000,7250360000,40295270000,40295270000,48242780000,49985655000,55353710000,200709485000,199733475000,MOEX,16243595000,0,X,63161790000,256092335870000,1882305000,139430000,-1742875000,https://cdn.financemarker.ru/reports/2018/MOEX/C/CHMF_2018_12_Y_МСФО.pdf,https://www.severstal.com/upload/iblock/e29/severstal-q4-2018-presentation.pdf,265056430000,93766675000,0,130506480000,12,85540305000,47754775000,Q,0,0,145355775000,4531475000,409505910000,101435325000,15407015000,208796425000,МСФО,2018,789298521452,837718660,942.2000,837718660,785.4000,48.10119664757139,173.51383219755425,66.07673034285759,19.39027477315594
1,47963920000,15895020000,-178261255000,-32487190000,157137610000,CHMF,0,RUB,144449480000,7668650000,0,78289945000,28234575000,142985465000,142985465000,175612085000,182513870000,219044530000,200709485000,199733475000,MOEX,111613715000,0,,255296330000,126393295000,7877795000,976010000,-6901785000,https://cdn.financemarker.ru/reports/2018/MOEX/C/CHMF_2018_12_Y_МСФО.pdf,https://www.severstal.com/upload/iblock/e29/severstal-q4-2018-presentation.pdf,265056430000,93766675000,0,130506480000,12,85540305000,188718505000,Y,0,6706094995000,598154700000,21332790000,409505910000,101435325000,66577825000,208796425000,МСФО,2018,789298521452,837718660,942.2000,837718660,785.4000,170.68435004181475,714.0281440072016,261.4774392156909,133.23532150996851
1,13728165000,38294355000,-2167605000,-13662480000,39148260000,CHMF,0,RUB,165788940000,20953515000,0,97542225000,7225350000,28113180000,28113180000,36258120000,37834560000,43549155000,231933735000,231014145000,MOEX,25551465000,0,,50314710000,134260140000,1642125000,65685000,-1576440000,https://cdn.financemarker.ru/reports/2019/MOEX/C/CHMF_2019_3_Q_МСФО.pdf,https://www.severstal.com/files/24834/Severstal%20-%20Q1%202019%20Presentation_final.pdf,278241660000,74026995000,0,114554640000,3,56686155000,36455175000,Q,0,6318371520000,133406235000,4926375000,444030600000,94980510000,13859535000,212096865000,МСФО,2019,862012501140,837718660,1029.0000,837718660,785.4000,33.55921425935528,159.2494489737163,51.98541835035643,30.5012484740402
1,30118900000,21829875000,-34548150000,-29422875000,70678175000,CHMF,0,RUB,171411975000,16135125000,0,96684200000,14553250000,57137325000,57137325000,72576425000,76309650000,89597400000,205960125000,205074275000,MOEX,41255300000,0,,103454625000,8955627125000,3923050000,189825000,-3733225000,https://cdn.financemarker.ru/reports/2019/MOEX/C/CHMF_2019_6_6M_МСФО.pdf,https://www.severstal.com/files/28782/Severstal%20-%20Q2%202019%20Presentation_final.pdf,275056425000,98645725000,0,143824075000,6,92950975000,74664500000,6M,0,6086485525000,266261200000,11579325000,446468400000,114780850000,28790125000,240508275000,МСФО,2019,896694053664.0001,837718660,1070.4000,837718660,785.4000,68.20586400689702,317.8408369225057,106.95404588456941,49.24720191860117
1,16894425000,21829875000,-32460075000,-16261675000,32966275000,CHMF,0,RUB,171411975000,16135125000,0,96684200000,7593000000,30055625000,30055625000,37648625000,39863250000,47646075000,205960125000,205074275000,MOEX,16641325000,0,X,54985975000,232435650500000,2341175000,126550000,-2214625000,https://cdn.financemarker.ru/reports/2019/MOEX/C/CHMF_2019_6_6M_МСФО.pdf,https://www.severstal.com/files/28782/Severstal%20-%20Q2%202019%20Presentation_final.pdf,275056425000,98645725000,0,143824075000,6,92950975000,39546875000,Q,0,0,137749675000,6833700000,446468400000,114780850000,15439100000,240508275000,МСФО,2019,896694053664.0001,837718660,1070.4000,837718660,785.4000,35.87794618302999,164.43429229569745,56.875986264887544,19.865052307656605
1,51020344300,85379661300,-6158745500,-36952473000,114747153000.00002,CHMF,0,RUB,214194685600,17438974100,0,91473577900,22365970500,90306657700,90306657700,113126430500.00002,119220347100.00002,142818066700,215491263600,214583659000,MOEX,64699242200.00001,0,,164017117000,9098800943900,6353232200,259315600.00000003,-6093916600,https://cdn.financemarker.ru/reports/2019/MOEX/C/CHMF_2019_9_Q_МСФО.pdf,https://www.severstal.com/files/32532/Severstal%20-%20Q3%202019%20Presentation.pdf,291276247700,152218257200,0,198506091800,9,84277570000,119933465000.00002,9M,0,6235891891000,409653819100,17179658500.000002,505470933300.00006,169657231300,44083652000,289979669700,МСФО,2019,786952909204,837718660,939.4000,837718660,785.4000,107.80069970030273,489.0112142183869,170.4845236466381,77.23266209684289
1,20161787900,85379661300,29237833900.000004,-6807034500,42333271700,CHMF,0,RUB,214194685600,17438974100,0,91473577900,7455323500.000001,31766161000.000004,31766161000.000004,38767682200,41036693700,51020344300,215491263600,214583659000,MOEX,22430799400,0,X,58021865500.00001,238143842666900.03,2333840400,64828900.00000001,-2269011500,https://cdn.financemarker.ru/reports/2019/MOEX/C/CHMF_2019_9_Q_МСФО.pdf,https://www.severstal.com/files/32532/Severstal%20-%20Q3%202019%20Presentation.pdf,291276247700,152218257200,0,198506091800,9,84277570000,43435363000,Q,0,0,136853807900.00002,5315969800,505470933300.00006,169657231300,14586502500.000002,289979669700,МСФО,2019,786952909204,837718660,939.4000,837718660,785.4000,37.91984411568438,163.36487944532598,60.903912896007355,26.776053191891418
1,45955102200,66950762100,6379212300,-33877952700,72772567500,CHMF,0,RUB,191686039500,17960889000,0,98227482600,14492579400,53511062400,53449128300,67198498500,71719687800,86026464900,215406799800,214477788300,MOEX,27684542700,0,X,99961637400,227510147424300,4645057500,123868200,-4521189300,https://cdn.financemarker.ru/reports/2019/MOEX/C/CHMF_2019_12_Y_МСФО.pdf,https://severstal.com/upload/iblock/967/severstal-q4-2019-press-release-rus-final.pdf,317536130700,146226410100,0,195587887800,12,97236537000,71038412700,6M,0,0,244577760900,8670774000,509222170200,164187299100,28923224700,293815370400,МСФО,2019,788293259060,837718660,941.0000,837718660,785.4000,63.8031965290113,291.95692131293816,102.69135571123604,33.04754211873471
1,26693597100,66950762100,-21553066800,-27374872200,32329600200,CHMF,0,RUB,191686039500,17960889000,0,98227482600,7370157900,23163353400,23101419300,30161906700,32515402500,37284328200,215406799800,214477788300,MOEX,6255344100,0,X,44530617900,227510085490200,2415429900,61934100,-2353495800,https://cdn.financemarker.ru/reports/2019/MOEX/C/CHMF_2019_12_Y_МСФО.pdf,https://severstal.com/upload/iblock/967/severstal-q4-2019-press-release-rus-final.pdf,317536130700,146226410100,0,195587887800,12,97236537000,29542565700,Q,0,0,113834875800,3592177800,509222170200,164187299100,14988052200,293815370400,МСФО,2019,788293259060,837718660,941.0000,837718660,785.4000,27.576584363060505,135.88676155309707,44.50698066102527,7.467118017879654
1,75435733800,66950762100,-27436806300,-62677309200,141952957200,CHMF,0,RUB,191686039500,17960889000,0,98227482600,28737422400,109437554700,109375620600,138236911200,146412212400,173725150500,215406799800,214477788300,MOEX,68065575900,0,,201223890900,239932703400,8484971700,309670500,-8175301200,https://cdn.financemarker.ru/reports/2019/MOEX/C/CHMF_2019_12_Y_МСФО.pdf,https://severstal.com/upload/iblock/967/severstal-q4-2019-press-release-rus-final.pdf,317536130700,146226410100,0,195587887800,12,97236537000,144120650700,Y,0,2668616500800,505196453700,20004714300,509222170200,164187299100,57103240200,293815370400,МСФО,2019,788293259060,837718660,941.0000,837718660,785.4000,130.5636675205492,603.062194770736,207.37887168467753,81.25111585791822
1,27029628000,81874629000,-1021468500,-28601118000,30958353000,CHMF,0,RUB,209558191500,4400172000,0,76138690500,9271791000,5657364000,5657364000,4007299500,6914556000,43608847500,222758707500,221658664500,MOEX,5657364000,0,,53273511000,355785336000,3142980000,235723500,-2907256500,https://cdn.financemarker.ru/reports/2020/MOEX/C/CHMF_2020_3_Q_МСФО.pdf,https://severstal.com/upload/iblock/87d/severstal-q12021-rus.pdf,338184648000,197536293000,0,248845441500,3,120061836000,33394162500,Q,0,3385539481500,139626886500,7228854000,547742839500,201936465000,19879348500,324984132000,МСФО,2020,717924891620,837718660,857.0000,837718660,785.4000,6.7532982970678965,166.67515380402293,52.0566743732317,6.7532982970678965
1,48035565000,41559659200,-47964401200,-49031858200,64830221799.99999,CHMF,0,RUB,161684153600,5337285000,0,75433628000,16225346399.999998,32948839399.999996,32948839399.999996,39353581400,43908064600,75148972800,207300149400,206232692400,MOEX,17363967200,0,,93438069400,9972681440600,5052629800,498146599.99999994,-4554483200,https://cdn.financemarker.ru/reports/2020/MOEX/C/CHMF_2020_6_6M_МСФО.pdf,https://www.severstal.com/upload/iblock/f4a/severstal-q2-2020-presentation-final.pdf,353043611800,178976957000,0,231993987999.99997,6,142754582800,57429186599.99999,6M,0,3945748054799.9995,234484720999.99997,11243880400,514727765399.99994,184314242000,36008882800,307427616000,МСФО,2020,722616116116,837718660,862.6000,837718660,785.4000,39.33162883109229,279.9086760225682,89.70669556292324,20.727683444463324
1,23555217800,41559659200,-47039271800,-23128235000,36791684600,CHMF,0,RUB,161684153600,5337285000,0,75433628000,7828017999.999999,27825045799.999996,27825045799.999996,35724227600,37645650200,35653063800,207300149400,206232692400,MOEX,12240173600,0,X,45189013000,261414810851199.97,2206077800,284655200,-1921422599.9999998,https://cdn.financemarker.ru/reports/2020/MOEX/C/CHMF_2020_6_6M_МСФО.pdf,https://www.severstal.com/upload/iblock/f4a/severstal-q2-2020-presentation-final.pdf,353043611800,178976957000,0,231993987999.99997,6,142754582800,27184571599.999996,Q,0,0,108026648399.99998,4696810800,514727765399.99994,184314242000,18004441400,307427616000,МСФО,2020,722616116116,837718660,862.6000,837718660,785.4000,33.21526322452934,128.95337487170212,42.55971067900051,14.611317837900376
1,78892400000,60644650000.00001,-64682450000.00001,-79901850000,126181250000.00002,CHMF,0,RUB,171140600000,45580550000,0,122221100000.00002,26478650000.000004,48919500000,48919500000,58703400000.00001,66080150000.00001,132936800000.00002,198085150000,196998050000,MOEX,48608900000,0,,162832050000,10881560400000,8153250000.000001,776500000,-7376750000.000001,https://cdn.financemarker.ru/reports/2020/MOEX/C/CHMF_2020_9_9M_МСФО.pdf,https://www.severstal.com/upload/iblock/be7/severstal-q3-2020-presentation-final.pdf,356180550000,153436400000,0,207014900000,9,138372300000,104439250000.00002,9M,0,3345472600000.0005,407041300000,26168050000.000004,527321150000.00006,199016950000,58392800000.00001,329236000000,МСФО,2020,833362522968,837718660,994.8000,837718660,785.4000,58.39609684712049,485.89260265492953,158.6890758766195,58.025327978249884
1,26478650000.000004,60644650000.00001,-12346350000,-26401000000.000004,55442100000.00001,CHMF,0,RUB,171140600000,45580550000,0,122221100000.00002,8774450000,12967550000,12967550000,15762950000.000002,18170100000,50938400000,198085150000,196998050000,MOEX,29662300000.000004,0,X,60877600000.00001,285241451250000,2640100000,232950000.00000003,-2407150000,https://cdn.financemarker.ru/reports/2020/MOEX/C/CHMF_2020_9_9M_МСФО.pdf,https://www.severstal.com/upload/iblock/be7/severstal-q3-2020-presentation-final.pdf,356180550000,153436400000,0,207014900000,9,138372300000,41775700000,Q,0,0,151184550000,13899350000.000002,527321150000.00006,199016950000,19101900000,329236000000,МСФО,2020,833362522968,837718660,994.8000,837718660,785.4000,15.479600275347812,180.4717469227676,60.80609449477943,35.4084269771429
1,48263322000,43155700500,-42859606500,-48041251500,91270975500,CHMF,0,RUB,164924358000,45154335000,0,131021595000,17173452000,40934995500,40934995500,55961766000,60255129000,101116101000,203120484000,202010131500,MOEX,43969959000,0,X,118807717500,271919923534500,4737504000,444141000,-4293363000,https://cdn.financemarker.ru/reports/2020/MOEX/C/CHMF_2020_12_Y_МСФО.pdf,https://severstal.com/upload/iblock/cb1/severstal-q4-2020-press-release-rus-final.pdf,382553448000,148195047000,0,213335727000,12,150193681500,83128390500,6M,0,0,264634012500,11547666000,547477806000,193349382000,35679327000,344357322000,МСФО,2020,1110312311964,837718660,1325.4000,837718660,785.4000,48.86484861158518,315.8984336101574,120.70412875845454,52.48773973830307
1,23021308500,43155700500,-31089870000,-22873261500,38418196500,CHMF,0,RUB,164924358000,45154335000,0,131021595000,8808796500,28573071000,28573071000,40934995500,42933630000,52556685000,203120484000,202010131500,MOEX,15692982000,0,X,60773293500,271919849511000,2220705000,222070500,-1998634500,https://cdn.financemarker.ru/reports/2020/MOEX/C/CHMF_2020_12_Y_МСФО.pdf,https://severstal.com/upload/iblock/cb1/severstal-q4-2020-press-release-rus-final.pdf,382553448000,148195047000,0,213335727000,12,150193681500,43303747500,Q,0,0,120510258000,-1702540500,547477806000,193349382000,17469546000,344357322000,МСФО,2020,1110312311964,837718660,1325.4000,837718660,785.4000,34.108194510075734,143.85528669016398,62.73787073096832,18.732998021077865
1,98229184500,43155700500,-92751445500,-99043443000,158706384000,CHMF,0,RUB,164924358000,45154335000,0,131021595000,34050810000,75207876000,75207876000,96896761500,105927628500,179284917000,203120484000,202010131500,MOEX,62031693000,0,,216000573000,8186184841500,9993172500,962305500,-9030867000,https://cdn.financemarker.ru/reports/2020/MOEX/C/CHMF_2020_12_Y_МСФО.pdf,https://severstal.com/upload/iblock/cb1/severstal-q4-2020-press-release-rus-final.pdf,382553448000,148195047000,0,213335727000,12,150193681500,142865355000,Y,0,3189080427000,508541445000,23243379000,547477806000,193349382000,73135218000,344357322000,МСФО,2020,1110312311964,837718660,1325.4000,837718660,785.4000,89.77700938403353,607.0551717207779,214.01566607099332,74.04836010218514
1,21079127600,69834088200,-11297805800,-21230776000,58612106600,CHMF,0,RUB,218070399200,57171446800,0,161808842800,10084618600,54669248200,54669248200,67256065400.00001,69985736600,88107720400,256058323400.00003,254920960400.00003,MOEX,37684627400,0,,96448382400,15067860848200,2881319600,151648400,-2729671200,https://cdn.financemarker.ru/reports/2021/MOEX/C/CHMF_2021_3_Q_МСФО.pdf,https://severstal.com/upload/iblock/87d/severstal-q12021-rus.pdf,390797926800,133147295200.00002,0,191001159800,3,120484653800,77416508200,Q,0,3982438632400.0005,168253899800,6141760200,608868326000,190318742000,19031874200,352810002600,МСФО,2021,1276515694108,837718660,1523.8000,837718660,785.4000,65.25967584391638,200.84774021865528,105.17578825330213,44.98482509629187
1,40082439900,56959256700,-89185247400,-39573225600,143671177500,CHMF,0,RUB,230164863600,40300674600,0,153491739000,19641123000,135305514000,135232769100,168258953700,173714821200,204340424100,293816651100,292652732700,MOEX,104243441700,0,,220053322500,15462946923600,5674102200,218234700,-5455867500,https://cdn.financemarker.ru/reports/2021/MOEX/C/CHMF_2021_6_Q_МСФО.pdf,https://severstal.com/upload/iblock/9cb/severstal-press-release-q2-2021-rus.pdf,405843797100,128758473000,0,188700270600,6,112099890900,183826362300,6M,0,4032395296800,375727408500,12075653400,636008660700,169059147600,36226960200,342192009600,МСФО,2021,1310024440508,837718660,1563.8000,837718660,785.4000,161.4298159479938,448.5126408668037,243.92488057983573,124.43729222887312
1,19859357700,56959256700,-78346257300,-19204653600,87439369800,CHMF,0,RUB,230164863600,40300674600,0,153491739000,9966051300,82856441100,82783696200,103734227400,106571278500,119810850300,293816651100,292652732700,MOEX,68089226400,0,X,127521809700,267223152517200,2909796000,72744900,-2837051100,https://cdn.financemarker.ru/reports/2021/MOEX/C/CHMF_2021_6_Q_МСФО.pdf,https://severstal.com/upload/iblock/9cb/severstal-press-release-q2-2021-rus.pdf,405843797100,128758473000,0,188700270600,6,112099890900,109553819400,Q,0,0,214306475400,6183316500,636008660700,169059147600,17967990300,342192009600,МСФО,2021,1310024440508,837718660,1563.8000,837718660,785.4000,98.82040373793274,255.82153726884872,143.02039099857225,81.27934788989897
1,60973190100,20470091300,-197707572200,-60244717100,236753725000,CHMF,0,RUB,213296894400,3278128500,0,128575484500,29648851100,225608088100,225535240800,277839602200,285634263300,330143963600,312733458900,311567902100,MOEX,176654702500,0,,360521287700,16439887274800,8158897600,364236500,-7794661100,https://cdn.financemarker.ru/reports/2021/MOEX/C/CHMF_2021_9_Q_МСФО.pdf,https://severstal.com/upload/iblock/951/severstal-press-release-q3-2021-rus.pdf,418216349300,128939721000,0,190204300300,9,111747758200,298965319200,9M,0,4269798794900,609804748300,18211825000,631513243700,132217849500,61555968500,318779784800,МСФО,2021,1276348150376,837718660,1523.6000,837718660,785.4000,269.2255187439659,727.9350185419053,394.09885366526277,210.8759311867304
1,20834327800,20470091300,-108396782400,-20615785900,92880307500,CHMF,0,RUB,213296894400,3278128500,0,128575484500,9980080100,90112110100,90112110100,109343797300,111674910900,125515897900,312733458900,311567902100,MOEX,72264521600,0,X,140158205200,267599384391700,2476808200,145694600,-2331113600,https://cdn.financemarker.ru/reports/2021/MOEX/C/CHMF_2021_9_Q_МСФО.pdf,https://severstal.com/upload/iblock/951/severstal-press-release-q3-2021-rus.pdf,418216349300,128939721000,0,190204300300,9,111747758200,114880192100,Q,0,0,233548443800,6119173200,631513243700,132217849500,25278013100,318779784800,МСФО,2021,1276348150376,837718660,1523.6000,837718660,785.4000,107.56846469195278,278.79102490088974,149.83061007618,86.26347370607694
1,45242384400,31206793200,-183209259600,-44869097400,201649637400,CHMF,0,RUB,238082448600,50841689400,0,195677045400,21128044200,165366141000,165366141000,202620183600,206800998000,236589300600,314232996600,313038478200,MOEX,157228484400,0,X,275709778200,274248807539399.97,4554101400,373287000,-4180814399.9999995,https://cdn.financemarker.ru/reports/2021/MOEX/C/CHMF_2021_12_6M_МСФО.pdf,https://severstal.com/upload/iblock/b6f/Severstal_PR_Q4_2021_RUS.pdf,409047894600,84736149000,0,137220301199.99998,12,104371045200,213818793600,6M,0,0,483257350200,13587646800,647130343200,135577838399.99998,61890984600,332897346600,МСФО,2021,1331470038204,837718660,1589.4000,837718660,785.4000,197.40057001953377,576.8730879171296,282.4209509669989,187.68650133685694
1,23890368000,31206793200,-72119048400,-23741053200,106461452400,CHMF,0,RUB,238082448600,50841689400,0,195677045400,10899980400,73014937200,73014937200,90559426200,92351203800,107954600400,314232996600,313038478200,MOEX,83168343600,0,X,132068940599.99998,274248732881999.97,2015749799.9999998,223972200,-1791777600,https://cdn.financemarker.ru/reports/2021/MOEX/C/CHMF_2021_12_6M_МСФО.pdf,https://severstal.com/upload/iblock/b6f/Severstal_PR_Q4_2021_RUS.pdf,409047894600,84736149000,0,137220301199.99998,12,104371045200,96084073800,Q,0,0,243905725800,7316425200,647130343200,135577838399.99998,35984866800,332897346600,МСФО,2021,1331470038204,837718660,1589.4000,837718660,785.4000,87.15925845557744,291.1547007917909,128.86736986376786,99.27956433488063
1,86378611800,31206793200,-274739231999.99997,-85482723000,349098002400,CHMF,0,RUB,238082448600,50841689400,0,195677045400,41285542200,304228905000,304154247600,375302749800,385082869200,446301937200,314232996600,313038478200,MOEX,264212538599.99997,0,,501548413200,18166459799400,10377378600,597259200,-9780119400,https://cdn.financemarker.ru/reports/2021/MOEX/C/CHMF_2021_12_6M_МСФО.pdf,https://severstal.com/upload/iblock/b6f/Severstal_PR_Q4_2021_RUS.pdf,409047894600,84736149000,0,137220301199.99998,12,104371045200,402478043400,Y,0,5216163223200,868862821200,25980775200,647130343200,135577838399.99998,99070369800,332897346600,МСФО,2021,1331470038204,837718660,1589.4000,837718660,785.4000,363.07445700206796,1037.1773516421372,532.7587393123129,315.39531255039725