amount,capex,cash_and_equiv,cff,cfi,cfo,code,commission_net,curr,current_assets,current_debt,current_lease,current_liabilities,depr_depl_amort,earnings,earnings_stock_holders,earnings_wo_tax,ebit,ebitda,equity,equity_stock_holders,exchange,fcf,ffo,gen,gross_profit,id,interest_expense,interest_income,interest_net,link,link_press,long_term_assets,long_term_debt,long_term_lease,long_term_liabilities,month,net_debt,operating_income,period,preliminary,ref_id,revenue,sel_gen_adm_expenses,total_assets,total_debt,total_expenses,total_liabilities,type,year,capital,num1,price1,num1_day,price1_day,earnings_ps,revenue_ps,ebitda_ps,fcf_ps
1,1553118000000,511056000000,31814000000,-1605245000000,1637450000000,GAZP,0,RUB,2240293000000,366868000000,0,1309255000000,275184000000,1342442000000,1307018000000,1679936000000,1757271000000,2032455000000,7760991000000,7463571000000,MOEX,84332000000,0,,0,14931000000,267823000000,190488000000,-77335000000,https://cdn.financemarker.ru/reports/2011/MOEX/G/GAZP_2011_12_Y_МСФО.pdf,https://www.gazprom.ru/f/posts/29/173232/gazprom-ifrs-12m-2011-presentation.pdf,8660403000000,1173294000000,0,1830450000000,12,1029106000000,1656843000000,Y,0,0,4637090000000,0,10900696000000,1540162000000,2942181000000,3139705000000,МСФО,2011,4055982965157.0005,23673512900,171.3300,23673512900,167.1000,55.21014162625607,195.87671756142282,85.85354478591135,3.5622934524432157
1,1349114000000,431250000000,-253870000000,-1287216000000,1472779000000,GAZP,0,RUB,2420803000000,322633000000,0,1492066000000,345690000000,1252415000000,1224474000000,1557736000000,1496415000000,1842105000000,8479945000000,8170733000000,MOEX,123665000000,0,,0,477000000,247168000000,308489000000,61321000000,https://cdn.financemarker.ru/reports/2012/MOEX/G/GAZP_2012_12_Y_МСФО.pdf,https://www.gazprom.ru/f/posts/21/499896/gazprom-12m-2012-ifrs-presentation.pdf,9536033000000,1177959000000,0,1984825000000,12,1069342000000,1350677000000,Y,0,0,4766495000000,0,11956836000000,1500592000000,3421847000000,3476891000000,МСФО,2012,3416561381728,23673512900,144.3200,23673512900,167.1000,51.723375621199,201.34295320404266,77.81291301300703,5.223770571033419
1,1397195000000,689531000000,-33262000000,-1466512000000,1741804000000,GAZP,0,RUB,2862670000000,331926000000,0,1391465000000,419019000000,1165705000000,1139261000000,1486083000000,1630667000000,2049686000000,9634354000000,9319590000000,MOEX,344609000000,0,,0,478000000,284107000000,129523000000,-144584000000,https://cdn.financemarker.ru/reports/2013/MOEX/G/GAZP_2013_12_Y_МСФО.pdf,https://www.gazprom.ru/f/posts/23/320736/2013-04-29-ifrs-presentation.pdf,10573566000000,1470002000000,0,2410417000000,12,1112397000000,1587209000000,Y,0,0,5249965000000,0,13436236000000,1801928000000,3600908000000,3801882000000,МСФО,2013,3286120325649,23673512900,138.8100,23673512900,167.1000,48.12386758198442,221.76535532248786,86.58140465498892,14.55673272723289
1,28075379000,380231778000,38090611000,-998446320000,1207455491000,GAZP,0,RUB,2982474682000,655966239000,0,1242173002000,508084776000,628311221000,628311221000,854776768000,911042779000,1419127555000,8369830929000,8369830929000,MOEX,1179380112000,0,,2005998224000,1317862000,74147485000,17881474000,-56266011000,https://cdn.financemarker.ru/reports/2013/MOEX/G/GAZP_2013_12_Y_РСБУ.pdf,0,7865944459000,944249743000,0,1236415210000,12,1219984204000,962035500000,Y,0,93966000,3933335313000,978592795000,10848419141000,1600215982000,1043962724000,2478588212000,РСБУ,2013,3286120325649,23673512900,138.8100,23673512900,167.1000,26.54068382897242,166.14920352610616,59.945795159112194,49.818551094713115
1,1262140000000,1040276000000,-262587000000,-1441305000000,1915769000000,GAZP,0,RUB,3461155000000,464782000000,0,1855947000000,472151000000,157192000000,159004000000,306823000000,1355560000000,1827711000000,10120021000000,9816558000000,MOEX,653629000000,0,,0,479000000,1438541000000,389804000000,-1048737000000,https://cdn.financemarker.ru/reports/2014/MOEX/G/GAZP_2014_12_Y_МСФО.pdf,https://www.gazprom.ru/f/posts/38/513195/gazprom-ifrs-4q2014-presentation.pdf,11716315000000,2224042000000,0,3201502000000,12,1648548000000,1310424000000,Y,0,101925000000,5589811000000,0,15177470000000,2688824000000,3943669000000,5057449000000,МСФО,2014,3112593476092,23673512900,131.4800,23673512900,167.1000,6.716535930753226,236.12089272986606,77.20489171676756,27.610139769328445
1,45994369000,725100916000,-485623803000,-605945629000,1373065899000,GAZP,0,RUB,3318658564000,756735637000,0,1455390187000,532497386000,188980016000,188980016000,278081361000,310246572000,842743958000,9089213120000,9089213120000,MOEX,1327071530000,0,,1961022595000,1317858000,84333437000,52168226000,-32165211000,https://cdn.financemarker.ru/reports/2014/MOEX/G/GAZP_2014_12_Y_РСБУ.pdf,0,8931076560000,1705131817000,0,1705131817000,12,1736766538000,921245510000,Y,0,101889000,3990280172000,976374373000,12249735124000,2461867454000,1039777085000,3160522004000,РСБУ,2014,3112593476092,23673512900,131.4800,23673512900,167.1000,7.982761865477092,168.55462849368672,35.59860176053551,56.05722883653655
1,1641024000000,1360910000000,-138305000000,-1664156000000,2030927000000,GAZP,0,RUB,3993722000000,646372000000,0,2124701000000,515200000000,805199000000,787056000000,925241000000,1343982000000,1859182000000,10914622000000,10589586000000,MOEX,389903000000,0,,0,480000000,1409087000000,990346000000,-418741000000,https://cdn.financemarker.ru/reports/2015/MOEX/G/GAZP_2015_12_Y_МСФО.pdf,https://www.gazprom.ru/f/posts/26/228235/gazprom-ifrs-4q2015-presentation.pdf,13058318000000,2795843000000,0,4012717000000,12,2081305000000,1228301000000,Y,0,101920000000,6073318000000,0,17052040000000,3442215000000,4635502000000,6137418000000,МСФО,2015,3225516132625,23673512900,136.2500,23673512900,167.1000,33.24626992726542,256.54485777647307,78.5342677216274,16.470010245078583
1,37784249000,506973421000,-263784237000,-678541973000,679296570000,GAZP,0,RUB,3689941121000,793301130000,0,1571876215000,630242313000,403522806000,403522806000,434489311000,475569986000,1105812299000,9322338840000,9322338840000,MOEX,641512321000,0,,2068936359000,1317856000,117347453000,76266778000,-41080675000,https://cdn.financemarker.ru/reports/2015/MOEX/G/GAZP_2015_12_Y_РСБУ.pdf,0,9291306836000,1698237066000,0,2087032902000,12,1984564775000,811940021000,Y,0,93963000,4334293477000,1168530262000,12981247957000,2491538196000,1256996338000,3658909117000,РСБУ,2015,3225516132625,23673512900,136.2500,23673512900,167.1000,17.045328579012878,183.08619828872122,46.71095091257031,27.09831547644963
1,1369052000000,900199000000,-460479000000,-1445965000000,1571323000000,GAZP,0,RUB,3234346000000,447080000000,0,1921808000000,571564000000,997104000000,951637000000,1285138000000,809511000000,1381075000000,11441839000000,11094531000000,MOEX,202271000000,0,,0,679000000,543370000000,1018997000000,475627000000,https://cdn.financemarker.ru/reports/2016/MOEX/G/GAZP_2016_12_Y_МСФО.pdf,https://www.gazprom.ru/f/posts/75/108576/gazprom-ifrs-4q2016-presentation.pdf,13684592000000,2382543000000,0,3555291000000,12,1929424000000,725580000000,Y,0,101915000000,6111051000000,0,16918938000000,2829623000000,5244983000000,5477099000000,МСФО,2016,3635304640924,23673512900,153.5600,23673512900,167.1000,40.19838559743282,258.1387488123911,58.33840570403896,8.544190330113619
1,63458573000,451992484000,-145834971000,-825327625000,1004239932000,GAZP,0,RUB,3050365090000,682360662000,0,1508678462000,628985396000,411424597000,411424597000,631428738000,683256973000,1312242369000,10414000247000,10414000247000,MOEX,940781359000,0,,1704225759000,1317855000,119740422000,67912187000,-51828235000,https://cdn.financemarker.ru/reports/2016/MOEX/G/GAZP_2016_12_Y_РСБУ.pdf,0,10802580669000,1443879533000,0,1930267050000,12,1674247711000,332673919000,Y,0,93958000,3934488441000,1277777675000,13852945759000,2126240195000,1371551840000,3438945512000,РСБУ,2016,3635304640924,23673512900,153.5600,23673512900,167.1000,17.379110516377988,166.1979131538184,55.43082577322101,39.739829191129466
1,1405780000000,871950000000,149944000000,-1368131000000,1187022000000,GAZP,0,RUB,3469266000000,874805000000,0,2589516000000,613160000000,766879000000,714302000000,1018006000000,998345000000,1467000000000,12015481000000,11629086000000,MOEX,-219000000000,0,,0,1137000000,407044000000,426705000000,19661000000,https://cdn.financemarker.ru/reports/2017/MOEX/G/GAZP_2017_12_Y_МСФО.pdf,https://www.gazprom.ru/f/posts/57/287721/gazprom-ifrs-4q2017-presentation.pdf,14769504000000,2391713000000,0,3633773000000,12,2068000000000,870623000000,Y,0,59333000000,6546143000000,0,18238770000000,3266518000000,5714090000000,6223289000000,МСФО,2017,3074479120323,23673512900,129.8700,23673512900,167.1000,30.17304626555867,276.51760123864,61.96798955004265,-9.25084506575279
1,44580504000,461670121000,115192878000,-970338962000,868544019000,GAZP,0,RUB,3300300802000,929199235000,0,2026426716000,709683827000,100297977000,100297977000,198396101000,226359753000,936043580000,10324208370000,10324208370000,MOEX,823963515000,0,,1766152788000,1317854000,98052019000,70088367000,-27963652000,https://cdn.financemarker.ru/reports/2017/MOEX/G/GAZP_2017_12_Y_РСБУ.pdf,0,11085135551000,1500004197000,0,2034534267000,12,1967533311000,375511399000,Y,0,93957000,4313031616000,1294388315000,14385436353000,2429203432000,1390641389000,4060960983000,РСБУ,2017,3074479120323,23673512900,129.8700,23673512900,167.1000,4.236717103358159,182.18806960415242,39.539699239144184,34.805291402274314
1,435765000000,951758000000,47527000000,-432142000000,461940000000,GAZP,0,RUB,3591510000000,778568000000,0,2260811000000,158286000000,392169000000,371623000000,495218000000,511261000000,669547000000,12431884000000,12025762000000,MOEX,26175000000,0,,0,1256000000,107423000000,91380000000,-16043000000,https://cdn.financemarker.ru/reports/2018/MOEX/G/GAZP_2018_3_Q_МСФО.pdf,https://www.gazprom.ru/f/posts/01/851439/ifrs-presentation-1q2018.pdf,14995343000000,2582188000000,0,3894158000000,3,2408998000000,467581000000,Q,0,101906000000,2138331000000,0,18586853000000,3360756000000,1651346000000,6154969000000,МСФО,2018,3377263350314,23673512900,142.6600,23673512900,167.1000,15.69783925054908,90.32588484153528,28.282536809313164,1.1056660712149737
1,791128000000,933974000000,-134887000000,-785968000000,947494000000,GAZP,0,RUB,3589958000000,791524000000,0,2507630000000,318547000000,663551000000,630804000000,835963000000,970856000000,1289403000000,12682539000000,12272218000000,MOEX,130000000000,0,,0,140765000000,394832000000,259939000000,-134893000000,https://cdn.financemarker.ru/reports/2018/MOEX/G/GAZP_2018_6_Q_МСФО.pdf,https://www.gazprom.ru/f/posts/41/295497/gazprom-2q-2018-ifrs-final.pdf,15530278000000,2575797000000,0,3930067000000,6,2433000000000,879273000000,6M,0,101905000000,3971555000000,0,19120236000000,3367321000000,3035649000000,6437697000000,МСФО,2018,3319973449096,23673512900,140.2400,23673512900,167.1000,26.64598205870832,167.76365285441014,54.46606109733718,5.491369217113528
1,355363000000,933974000000,-182414000000,-353826000000,485554000000,GAZP,0,RUB,3589958000000,791524000000,0,2507630000000,160261000000,271382000000,259181000000,340745000000,459595000000,619856000000,12682539000000,12272218000000,MOEX,103825000000,0,X,0,3673621000000,287409000000,168559000000,-118850000000,https://cdn.financemarker.ru/reports/2018/MOEX/G/GAZP_2018_6_Q_МСФО.pdf,https://www.gazprom.ru/f/posts/41/295497/gazprom-2q-2018-ifrs-final.pdf,15530278000000,2575797000000,0,3930067000000,6,2433000000000,411692000000,Q,0,0,1833224000000,0,19120236000000,3367321000000,1384303000000,6437697000000,МСФО,2018,3319973449096,23673512900,140.2400,23673512900,167.1000,10.94814280815924,77.43776801287484,26.18352428802402,4.385703145898554
1,1191595000000,885721000000,-284824000000,-1184448000000,1426348000000,GAZP,0,RUB,3827069000000,782760000000,0,2492947000000,476136000000,1064086000000,1017250000000,1315902000000,1534131000000,2010267000000,13325760000000,12876099000000,MOEX,234753000000,0,,0,140726000000,635122000000,416893000000,-218229000000,https://cdn.financemarker.ru/reports/2018/MOEX/G/GAZP_2018_9_9M_МСФО.pdf,https://www.gazprom.ru/f/posts/01/851439/ifrs-presentation-3q-2018.pdf,16108093000000,2729567000000,0,4116455000000,9,2626606000000,1384951000000,9M,0,101904000000,5901591000000,0,19935162000000,3512327000000,4450034000000,6609402000000,МСФО,2018,3838423381605.9995,23673512900,162.1400,23673512900,167.1000,42.96996412391336,249.2908857645711,84.91629478445508,9.916272290961938
1,400467000000,885721000000,-149937000000,-398480000000,478854000000,GAZP,0,RUB,3827069000000,782760000000,0,2492947000000,157589000000,400535000000,386446000000,479939000000,563275000000,720864000000,13325760000000,12876099000000,MOEX,104753000000,0,X,0,3673622000000,240290000000,156954000000,-83336000000,https://cdn.financemarker.ru/reports/2018/MOEX/G/GAZP_2018_9_9M_МСФО.pdf,https://www.gazprom.ru/f/posts/01/851439/ifrs-presentation-3q-2018.pdf,16108093000000,2729567000000,0,4116455000000,9,2626606000000,505678000000,Q,0,0,1930036000000,0,19935162000000,3512327000000,1414385000000,6609402000000,МСФО,2018,3838423381605.9995,23673512900,162.1400,23673512900,167.1000,16.323982065205033,81.52723291016096,30.450233687117894,4.4249030738484105
1,848346000000,849419000000,38817000000,-831750000000,669890000000,GAZP,0,RUB,4212230000000,569061000000,0,2473695000000,329446000000,865445000000,825466000000,1016599000000,1191657000000,1521103000000,13776153000000,13300009000000,MOEX,-152100000000,0,X,0,3673624000000,418210000000,243152000000,-175058000000,https://cdn.financemarker.ru/reports/2018/MOEX/G/GAZP_2018_12_Y_МСФО.pdf,https://www.gazprom.ru/f/posts/98/701327/gazprom-ifrs-4q2018-presentation.pdf,16598210000000,3294761000000,0,4560592000000,12,3014403000000,1050757000000,6M,0,0,4252622000000,0,20810440000000,3863822000000,3145542000000,7034287000000,МСФО,2018,3629149527570.0005,23673512900,153.3000,23673512900,167.1000,34.86875832441412,179.63628879092127,64.2533706943003,-6.424901984022828
1,447879000000,849419000000,188754000000,-433270000000,191036000000,GAZP,0,RUB,4212230000000,569061000000,0,2473695000000,171857000000,464910000000,439020000000,536660000000,628382000000,800239000000,13776153000000,13300009000000,MOEX,-256853000000,0,X,0,3673623000000,177920000000,86198000000,-91722000000,https://cdn.financemarker.ru/reports/2018/MOEX/G/GAZP_2018_12_Y_МСФО.pdf,https://www.gazprom.ru/f/posts/98/701327/gazprom-ifrs-4q2018-presentation.pdf,16598210000000,3294761000000,0,4560592000000,12,3014403000000,545079000000,Q,0,0,2322586000000,0,20810440000000,3863822000000,1731157000000,7034287000000,МСФО,2018,3629149527570.0005,23673512900,153.3000,23673512900,167.1000,18.544776259209083,98.10905588076031,33.8031370071824,-10.849805057871238
1,1639474000000,849419000000,-96070000000,-1617718000000,1617384000000,GAZP,0,RUB,4212230000000,569061000000,0,2473695000000,647993000000,1528996000000,1456270000000,1852562000000,2162513000000,2810506000000,13776153000000,13300009000000,MOEX,-22100000000,0,,0,2008000000,813042000000,503091000000,-309951000000,https://cdn.financemarker.ru/reports/2018/MOEX/G/GAZP_2018_12_Y_МСФО.pdf,https://www.gazprom.ru/f/posts/98/701327/gazprom-ifrs-4q2018-presentation.pdf,16598210000000,3294761000000,0,4560592000000,12,3014403000000,1930030000000,Y,0,59332000000,8224177000000,0,20810440000000,3863822000000,6181191000000,7034287000000,МСФО,2018,3629149527570.0005,23673512900,153.3000,23673512900,167.1000,61.51474038312244,347.3999416453314,118.71943179163748,-0.9335327669092998
1,76020518000,349361562000,-42053399000,-1006127792000,895097941000,GAZP,0,RUB,3830923087000,831626466000,0,1955540509000,678653603000,933136526000,933136526000,1198087134000,1237719281000,1916372884000,11067247169000,11067247169000,MOEX,819077423000,0,,2561142595000,1317852000,100841508000,61209361000,-39632147000,https://cdn.financemarker.ru/reports/2018/MOEX/G/GAZP_2018_12_Y_РСБУ.pdf,0,11905218495000,2099199873000,0,2713353904000,12,2581464777000,1024124013000,Y,0,93955000,5179549285000,1430858563000,15736141582000,2930826339000,1537018582000,4668894413000,РСБУ,2018,3629149527570.0005,23673512900,153.3000,23673512900,167.1000,39.4169014941589,218.7909038628568,80.95008510545134,34.59889651611443
1,441190000000,1053729000000,236525000000,-667573000000,684920000000,GAZP,0,RUB,4171404000000,631772000000,0,2371026000000,172652000000,559513000000,535908000000,711926000000,522694000000,634000000000,14145649000000,13654656000000,MOEX,213000000000,0,,0,2138000000,68991000000,258223000000,189232000000,https://cdn.financemarker.ru/reports/2019/MOEX/G/GAZP_2019_3_Q_МСФО.pdf,https://www.gazprom.ru/f/posts/62/880637/gazprom-ifrs-1q2019-presentation.pdf,17063337000000,3268078000000,208593000000,4718066000000,3,2079000000000,458762000000,Q,0,59327000000,2291821000000,0,21234741000000,3899850000000,1782216000000,7089092000000,МСФО,2019,3552684080903,23673512900,150.0700,23673512900,167.1000,22.637451495422127,96.80950223487956,26.780985258845973,8.997397255732166
1,788381000000,1153970000000,71326000000,-958604000000,1256653000000,GAZP,0,RUB,3961800000000,475197000000,0,2447455000000,347875000000,878644000000,836497000000,1125278000000,896133000000,1244008000000,14082760000000,13585634000000,MOEX,468272000000,0,,0,140387000000,124493000000,353638000000,229145000000,https://cdn.financemarker.ru/reports/2019/MOEX/G/GAZP_2019_6_6M_МСФО.pdf,https://www.gazprom.ru/f/posts/77/885487/gazprom-ifrs-2q2019-presentation.pdf,17320848000000,3235416000000,208945000000,4752433000000,6,2556643000000,780878000000,6M,0,59328000000,4076751000000,0,21282648000000,3710613000000,3196687000000,7199888000000,МСФО,2019,5531079553956,23673512900,233.6400,23673512900,167.1000,35.334722123137034,172.2072688248984,52.54851720802281,19.78041881566297
1,347191000000,1153970000000,-165199000000,-291031000000,571733000000,GAZP,0,RUB,3961800000000,475197000000,0,2447455000000,175223000000,319131000000,300589000000,413352000000,373439000000,610008000000,14082760000000,13585634000000,MOEX,255272000000,0,X,0,3673625000000,55502000000,95415000000,39913000000,https://cdn.financemarker.ru/reports/2019/MOEX/G/GAZP_2019_6_6M_МСФО.pdf,https://www.gazprom.ru/f/posts/77/885487/gazprom-ifrs-2q2019-presentation.pdf,17320848000000,3235416000000,208945000000,4752433000000,6,2556643000000,322116000000,Q,0,0,1784930000000,0,21282648000000,3710613000000,1414471000000,7199888000000,МСФО,2019,5531079553956,23673512900,233.6400,23673512900,167.1000,12.697270627714909,75.39776659001883,25.76753194917684,10.783021559930804
1,1224735000000,960597000000,-66130000000,-1380479000000,1622514000000,GAZP,0,RUB,3697370000000,518266000000,0,2114021000000,525044000000,1106948000000,1048286000000,1399454000000,1152565000000,1677609000000,14427726000000,13913817000000,MOEX,397779000000,0,,0,141323000000,287964000000,534853000000,246889000000,https://cdn.financemarker.ru/reports/2019/MOEX/G/GAZP_2019_9_Q_МСФО.pdf,https://www.gazprom.ru/f/posts/77/885487/gazprom-ifrs-3q2019-presentation.pdf,17687020000000,3300086000000,203168000000,4842643000000,9,2857755000000,972631000000,9M,0,59329000000,5698339000000,0,21384390000000,3818352000000,4617986000000,6956664000000,МСФО,2019,5370809871623,23673512900,226.8700,23673512900,167.1000,44.28096516254671,240.7052567175191,70.8643878534816,16.802702737032323
1,436354000000,960597000000,-137456000000,-421875000000,365861000000,GAZP,0,RUB,3697370000000,518266000000,0,2114021000000,177169000000,228304000000,211789000000,274175999999.99997,256432000000,433601000000,14427726000000,13913817000000,MOEX,-70493000000,0,,0,109978000000,163471000000,181215000000,17744000000,https://cdn.financemarker.ru/reports/2019/MOEX/G/GAZP_2019_9_Q_МСФО.pdf,https://www.gazprom.ru/f/posts/77/885487/gazprom-ifrs-3q2019-presentation.pdf,17687020000000,3503254000000,0,4842643000000,9,3060923000000,191753000000,Q,0,0,1621588000000,0,21384390000000,4021520000000,1421299000000,6956664000000,МСФО,2019,5370809871623,23673512900,226.8700,23673512900,167.1000,8.94624303940967,68.4979878926207,18.31587064545879,-2.9777160786306456
1,987542000000,696057000000,81049000000,-979505000000,452731000000,GAZP,0,RUB,3828153000000,774202000000,0,2527476000000,367354000000,390873000000,366390000000,501787000000,430851000000,798205000000,14615687000000,14104833000000,MOEX,-534811000000,0,X,0,3673627000000,230342000000,301278000000,70936000000,https://cdn.financemarker.ru/reports/2019/MOEX/G/GAZP_2019_12_Y_МСФО.pdf,https://www.gazprom.ru/f/posts/25/691043/gazprom-ifrs-4q2019-presentation.pdf,18054195000000,3089702000000,205493000000,4739185000000,12,3167800000000,338979000000,6M,0,0,3582872000000,0,21882348000000,3863904000000,3190384000000,7266661000000,МСФО,2019,6077464231688.001,23673512900,256.7200,23673512900,167.1000,15.476790518909427,151.34517699736907,33.71721819958541,-22.591112787490022
1,551188000000,696057000000,218505000000,-557630000000,86870000000,GAZP,0,RUB,3828153000000,774202000000,0,2527476000000,190185000000,162569000000,154601000000,227611000000,174419000000,364604000000,14615687000000,14104833000000,MOEX,-464318000000,0,X,0,3673626000000,66871000000,120063000000,53192000000,https://cdn.financemarker.ru/reports/2019/MOEX/G/GAZP_2019_12_Y_МСФО.pdf,https://www.gazprom.ru/f/posts/25/691043/gazprom-ifrs-4q2019-presentation.pdf,18054195000000,3089702000000,205493000000,4739185000000,12,3167800000000,147226000000,Q,0,0,1961284000000,0,21882348000000,3863904000000,1769085000000,7266661000000,МСФО,2019,6077464231688.001,23673512900,256.7200,23673512900,167.1000,6.530547479499758,82.84718910474837,15.401347554126621,-19.613396708859376
1,1775923000000,696057000000,152375000000,-1938109000000,1709384000000,GAZP,0,RUB,3828153000000,774202000000,0,2527476000000,715229000000,1269517000000,1202887000000,1627065000000,1326984000000,2042213000000,14615687000000,14104833000000,MOEX,-66539000000,0,,0,4589000000,354835000000,654916000000,300081000000,https://cdn.financemarker.ru/reports/2019/MOEX/G/GAZP_2019_12_Y_МСФО.pdf,https://www.gazprom.ru/f/posts/25/691043/gazprom-ifrs-4q2019-presentation.pdf,18054195000000,3089702000000,205493000000,4739185000000,12,3167800000000,1119857000000,Y,0,59331000000,7659623000000,0,21882348000000,3863904000000,6387071000000,7266661000000,МСФО,2019,6077464231688.001,23673512900,256.7200,23673512900,167.1000,50.81151264204646,323.5524458222675,86.26573540760822,-2.810693971827054
1,1686023000000,699948000000,222658000000,-1842528000000,1535440000000,GAZP,0,RUB,4182279000000,791812000000,0,2401324000000,1036553000000,697643000000,697643000000,997451000000,1066414000000,2102967000000,14860914000000,14860914000000,MOEX,-150583000000,0,,1670431000000,1291407000000,159319000000,90356000000,-68963000000,https://cdn.financemarker.ru/reports/2019/MOEX/G/GAZP_2019_12_Y_РСБУ.pdf,0,17523040000000,3074240000000,0,4443081000000,12,3166104000000,1309234000000,Y,0,43338000000,7813329000000,832000000,21705319000000,3866052000000,361197000000,6844405000000,РСБУ,2019,6077464231688.001,23673512900,256.7200,23673512900,167.1000,29.469348421036408,330.04518733677247,88.83206344927372,-6.36082192938928
1,419458000000,772924000000,-113117000000,-493007000000,590101000000,GAZP,0,RUB,3802641000000,665285000000,0,2349965000000,199564000000,-108082000000,-116249000000,-208720000000,339284000000,507000000000,14687705000000,14146870000000,MOEX,170643000000,0,,0,4972000000,682970000000,134966000000,-548004000000,https://cdn.financemarker.ru/reports/2020/MOEX/G/GAZP_2020_3_Q_МСФО.pdf,https://www.gazprom.ru/f/posts/05/118974/gazprom-ifrs-1q2020-presentation.pdf,18676827000000,3847252000000,231712000000,5441798000000,3,3217000000000,293459000000,Q,0,59326000000,1739832000000,0,22479468000000,4512537000000,1439701000000,7791763000000,МСФО,2020,4290350742867,23673512900,181.2300,23673512900,167.1000,-4.910509077847927,73.49276836730049,21.41633994674276,7.208182440891567
1,0,355046010000,0,0,0,GAZP,0,RUB,3438909991000,1070947227000,0,2025739619000,0,-306230514000,-306230514000,-380694272000,-366002404000,-366002404000,11028449375000,11028449375000,MOEX,0,0,,450180004000,1291410000,27488588000,12796720000,-14691868000,https://cdn.financemarker.ru/reports/2020/MOEX/G/GAZP_2020_3_Q_РСБУ.pdf,0,12548165697000,2191998216000,0,2932886694000,3,2907899433000,60047333000,Q,0,43354000,1126350236000,371300749000,15987075688000,3262945443000,390132671000,4958626313000,РСБУ,2020,4290350742867,23673512900,181.2300,23673512900,167.1000,-12.935575522465024,47.578500105068905,-15.4604179593473,0
1,720196000000,738836000000,86404000000,-858971000000,759651000000,GAZP,0,RUB,3511030000000,667052000000,0,2367514000000,396891000000,45460000000,32919000000.000004,-16806000000.000002,264826000000.00003,661717000000,14309573000000,13786452000000,MOEX,39455000000,0,,0,139942000000,740984000000,459352000000,-281632000000,https://cdn.financemarker.ru/reports/2020/MOEX/G/GAZP_2020_6_6M_МСФО.pdf,https://www.gazprom.ru/press/news/2020/august/article511958/,18547971000000,3755948000000,207704000000,5381914000000,6,3684164000000,189985000000,6M,0,59323000000,2903148000000,0,22059001000000,4423000000000,2693257000000,7749428000000,МСФО,2020,4628171771950,23673512900,195.5000,23673512900,167.1000,1.3905414096781556,122.63275046095926,27.951787417236247,1.6666305573939557
1,0,394594376000,0,0,0,GAZP,0,RUB,3522864543000,1233886559000,0,2326902723000,0,-276982252000,-276982252000,-334616349000,-305558358000,-305558358000,10696913300000,10696913300000,MOEX,0,0,,647014576000,1291413000,55464779000,26406788000,-29057991000,https://cdn.financemarker.ru/reports/2020/MOEX/G/GAZP_2020_6_Q_РСБУ.pdf,0,12387370391000,2148434764000,0,2886418911000,6,2987726947000,-87046424000,6M,0,93954000,1883271318000,687970363000,15910234933999.998,3382321323000,734061000000,5213321634000,РСБУ,2020,4628171771950,23673512900,195.5000,23673512900,167.1000,-11.700090863996783,79.55183187029247,-12.907182778099655,0
1,300738000000,738836000000,199521000000,-365964000000,169550000000,GAZP,0,RUB,3511030000000,667052000000,0,2367514000000,197327000000,153542000000,149168000000,191914000000,-74458000000,154717000000,14309573000000,13786452000000,MOEX,-131188000000.00002,0,X,0,3673632000000,58014000000,324386000000,266372000000.00003,https://cdn.financemarker.ru/reports/2020/MOEX/G/GAZP_2020_6_6M_МСФО.pdf,https://www.gazprom.ru/press/news/2020/august/article511958/,18547971000000,3755948000000,207704000000,5381914000000,6,3684164000000,-103474000000,Q,0,0,1163316000000,0,22059001000000,4423000000000,1253556000000,7749428000000,МСФО,2020,4628171771950,23673512900,195.5000,23673512900,167.1000,6.301050487526083,49.13998209365877,6.53544747049349,-5.541551883497612
1,0,394594376000,0,0,0,GAZP,0,RUB,3522864543000,1233886559000,0,2326902723000,0,29248262000,29248262000,46077923000,60444046000,60444046000,10696913300000,10696913300000,MOEX,0,0,X,196834572000,3673628000,27976191000,13610068000,-14366123000,https://cdn.financemarker.ru/reports/2020/MOEX/G/GAZP_2020_6_Q_РСБУ.pdf,0,12387370391000,2148434764000,0,2886418911000,6,2987726947000,-147093757000,Q,0,0,756921082000,316669614000,15910234933999.998,3382321323000,343928329000,5213321634000,РСБУ,2020,4628171771950,23673512900,195.5000,23673512900,167.1000,1.235484658468241,31.973331765223573,2.5532351812476466,0
1,1089455999999.9999,498739999999.99994,-366493000000,-1163655000000,1248357000000,GAZP,0,RUB,3157758000000,666959000000,0,2251279000000,594635000000,-202207000000,-218378000000,-327023000000,423879000000,1018513999999.9999,14337546000000,13794758000000,MOEX,158901000000,0,,0,139941000000,1277952000000,527049999999.99994,-750902000000,https://cdn.financemarker.ru/reports/2020/MOEX/G/GAZP_2020_9_9M_МСФО.pdf,https://www.gazprom.ru/press/news/2020/november/article519544/,19302375000000,4295576999999.9995,222521000000,5871308000000,9,4463796000000,325152000000,9M,0,59323999999.99999,4301217999999.9995,0,22460133000000,4962536000000,3944331999999.9995,8122586999999.999,МСФО,2020,4045329884352,23673512900,170.8800,23673512900,167.1000,-9.224570976113984,181.68904708688163,43.02335712922436,6.712185076681205
1,0,102294721000,0,0,0,GAZP,0,RUB,3053323548000,1273308029000,0,2003940678999.9998,0,-592149371000,-592149371000,-728984951000,-678472992000,-678472992000,10381746181000,10381746181000,MOEX,0,0,,917459116999.9999,1736556000,85950357000,35438398000,-50511959000,https://cdn.financemarker.ru/reports/2020/MOEX/G/GAZP_2020_9_Q_РСБУ.pdf,0,12541702827000,2474724746000,0,3209339515000,9,3645738053999.9995,-180625843000,9M,0,96036000,2744075888000,1025070350999.9999,15595026374999.998,3748032774999.9995,1098084959999.9999,5213280194000,РСБУ,2020,4045329884352,23673512900,170.8800,23673512900,167.1000,-25.013160214173368,115.91333739066668,-28.6595823300901,0
1,369260000000,498739999999.99994,-452897000000,-304684000000,488705999999.99994,GAZP,0,RUB,3157758000000,666959000000,0,2251279000000,197744000000,-247666999999.99997,-251296999999.99997,-310217000000,159053000000,356797000000,14337546000000,13794758000000,MOEX,119445999999.99998,0,X,0,3673632999999.9995,536967999999.99994,67697999999.99999,-469269999999.99994,https://cdn.financemarker.ru/reports/2020/MOEX/G/GAZP_2020_9_9M_МСФО.pdf,https://www.gazprom.ru/press/news/2020/november/article519544/,19302375000000,4295576999999.9995,222521000000,5871308000000,9,4463796000000,135166999999.99998,Q,0,0,1398070000000,0,22460133000000,4962536000000,1251075000000,8122586999999.999,МСФО,2020,4045329884352,23673512900,170.8800,23673512900,167.1000,-10.61511238579214,59.056296625922386,15.071569711988118,5.045554519287249
1,0,102294721000,0,0,0,GAZP,0,RUB,3053323548000,1273308029000,0,2003940678999.9998,0,-315167119000,-315167119000,-394368602000,-372914634000,-372914634000,10381746181000,10381746181000,MOEX,0,0,X,270444540999.99997,3673628999.9999995,30485577999.999996,9031610000,-21453968000,https://cdn.financemarker.ru/reports/2020/MOEX/G/GAZP_2020_9_Q_РСБУ.pdf,0,12541702827000,2474724746000,0,3209339515000,9,3645738053999.9995,-93579419000,Q,0,0,860804570000,337099988000,15595026374999.998,3748032774999.9995,364023960000,5213280194000,РСБУ,2020,4045329884352,23673512900,170.8800,23673512900,167.1000,-13.313069350176585,36.36150552037421,-15.752399551990445,0
1,802369000000,1034919000000,-192825000000,-686631000000,1159240000000,GAZP,0,RUB,3774289000000,693534000000,0,2626964000000,401545000000,116947000000,102422000000,150275000000,486761000000,804824000000,14804732000000,14237943000000,MOEX,356845000000,0,X,0,3673635000000,624534000000,288048000000,-336486000000,https://cdn.financemarker.ru/reports/2020/MOEX/G/GAZP_2020_12_Y_МСФО.pdf,https://www.gazprom.ru/f/posts/05/118974/gazprom-ifrs-4qv2020-presentation.pdf,19577896000000,4214080000000,211488000000,5920489000000,12,3872700000000,424866000000,6M,0,0,3418411000000,0,23352185000000,4907614000000,-3308108000000,8547453000000,МСФО,2020,5024466377896,23673512900,212.2400,23673512900,167.1000,4.326438599655398,144.39813028340208,33.996813375339826,15.073597294468284
1,1416825000000,1034474000000,2943000000,-855378000000,1114966000000,GAZP,0,RUB,4275491000000,4237971000000,0,2483105000000,1084530000000,-93514000000,-93514000000,-85539000000,-13482000000,1071048000000,14754158000000,14754158000000,MOEX,-301859000000,0,X,106230000000,3673631000000,102191000000,30134000000,-72057000000,https://cdn.financemarker.ru/reports/2020/MOEX/G/GAZP_2020_12_Q_РСБУ.pdf,0,18677398000000,701811000000,0,5715626000000,12,3905308000000,486076000000,6M,0,0,4547629000000,-687137000000,22952889000000,4939782000000,-379846000000,8198731000000,РСБУ,2020,5024466377896,23673512900,212.2400,23673512900,167.1000,-3.950153084378111,192.09776847271365,45.242461671161614,-12.750917080835942
1,433109000000,1034919000000,260072000000,-381947000000,670534000000,GAZP,0,RUB,3774289000000,693534000000,0,2626964000000,203801000000,364614000000,353719000000,460492000000,327708000000,448027000000,14804732000000,14237943000000,MOEX,237399000000,0,X,0,3673634000000,87566000000,220350000000,132784000000,https://cdn.financemarker.ru/reports/2020/MOEX/G/GAZP_2020_12_Y_МСФО.pdf,https://www.gazprom.ru/f/posts/05/118974/gazprom-ifrs-4qv2020-presentation.pdf,19577896000000,4214080000000,211488000000,5920489000000,12,3872700000000,289699000000,Q,0,0,2020341000000,0,23352185000000,4907614000000,-4559183000000,8547453000000,МСФО,2020,5024466377896,23673512900,212.2400,23673512900,167.1000,14.941550985447538,85.34183365747971,18.92524366335171,10.028042775181033
1,1416825000000,1034474000000,2943000000,-855378000000,1114966000000,GAZP,0,RUB,4275491000000,4237971000000,0,2483105000000,1084530000000,221653000000,221653000000,308830000000,359433000000,1443963000000,14754158000000,14754158000000,MOEX,-301859000000,0,X,-164215000000,3673630000000,71705000000,21102000000,-50603000000,https://cdn.financemarker.ru/reports/2020/MOEX/G/GAZP_2020_12_Q_РСБУ.pdf,0,18677398000000,701811000000,0,5715626000000,12,3905308000000,579655000000,Q,0,0,3686824000000,-1024237000000,22952889000000,4939782000000,-743870000000,8198731000000,РСБУ,2020,5024466377896,23673512900,212.2400,23673512900,167.1000,9.362911239083575,155.73624478857974,60.99487668346847,-12.750917080835942
1,1522565000000,1034919000000,-106421000000,-1545602000000,1918891000000,GAZP,0,RUB,3774289000000,693534000000,0,2626964000000,798436000000,162407000000,135341000000,133469000000,751587000000,1466541000000,14804732000000,14237943000000,MOEX,396300000000,0,,0,109850000000,1365518000000,747400000000,-618118000000,https://cdn.financemarker.ru/reports/2020/MOEX/G/GAZP_2020_12_Y_МСФО.pdf,https://www.gazprom.ru/f/posts/05/118974/gazprom-ifrs-4qv2020-presentation.pdf,19577896000000,4214080000000,211488000000,5920489000000,12,3872700000000,614851000000,Y,0,59330000000,6321559000000,0,23352185000000,4907614000000,-614851000000,8547453000000,МСФО,2020,5024466377896,23673512900,212.2400,23673512900,167.1000,5.716980009333554,267.03088074436135,61.94860079257608,16.74022785186224
1,1416825000000,1034474000000,2943000000,-855378000000,1114966000000,GAZP,0,RUB,4275491000000,4237971000000,0,2483105000000,1084530000000,-370496000000,-370496000000,-420155000000,-319040000000,765490000000,14754158000000,14754158000000,MOEX,-301859000000,0,,753244000000,1291406000000,157655000000,56540000000,-101115000000,https://cdn.financemarker.ru/reports/2020/MOEX/G/GAZP_2020_12_Q_РСБУ.pdf,0,18677398000000,701811000000,0,5715626000000,12,3905308000000,399029000000,Y,0,51796000000,6430900000000,833000000,22952889000000,4939782000000,354215000000,8198731000000,РСБУ,2020,5024466377896,23673512900,212.2400,23673512900,167.1000,-15.650233303566873,271.6495869102722,32.33529401544796,-12.750917080835942
1,414783000000,1271783000000,91561000000,-495417999999.99994,642996000000,GAZP,0,RUB,4083209999999.9995,647859000000,0,2513817000000,207670000000,465614000000,447263000000,573486000000,561622000000,701000000000,15407688000000,14825371000000,MOEX,228213000000,0,,0,146747000000,137859000000,149723000000,11864000000,https://cdn.financemarker.ru/reports/2021/MOEX/G/GAZP_2021_3_Q_МСФО.pdf,https://www.gazprom.ru/f/posts/57/982072/gazprom-ifrs-3mnth2021-presentation.pdf,19937745000000,4361310999999.9995,214372000000,6099450000000,3,3469000000000,490193000000,Q,0,59325000000,2285161000000,0,24020955000000,5009170000000,-490193000000,8613266999999.999,МСФО,2021,5350924120787,23673512900,226.0300,23673512900,167.1000,18.89297130887575,96.52817516575666,29.611152470742947,9.640014178039458
1,0,919954715000,0,0,0,GAZP,0,RUB,3847514988000,1085438193000,0,1900454531000.0002,0,362637395000,362637395000,401910204000,423252931000,423252931000,10583988460000,10583988460000,MOEX,0,0,,772375368000,1341217000,28485018000,7142291000,-21342727000,https://cdn.financemarker.ru/reports/2021/MOEX/G/GAZP_2021_3_Q_РСБУ.pdf,0,11971616204000,2383818462000,0,3334688201000,3,2549301940000,266944631000.00003,Q,0,0,1490149564000,486017601000,15819131192000,3469256655000,505430737000.00006,5235142732000,РСБУ,2021,5350924120787,23673512900,226.0300,23673512900,167.1000,15.318275599055685,62.94585726649804,17.878754741126738,0
1,831440000000,1411790000000,44495000000,-855060000000,1211986000000,GAZP,0,RUB,4411770000000,611833000000,0,2966366000000,413843000000,995521000000,968498000000,1241226000000,1130963000000,1403981000000,15632773000000,15059143000000,MOEX,380546000000,0,,0,223127000000,217715000000,327978000000,110263000000,https://cdn.financemarker.ru/reports/2021/MOEX/G/GAZP_2021_6_6M_МСФО.pdf,https://www.gazprom.ru/press/news/2021/august/article536422/,20212480000000,4195670000000,215480000000,6025111000000,6,3395713000000,986598000000,6M,0,57842000000,4351968000000,0,24624250000000,4807503000000,-986598000000,8991477000000,МСФО,2021,6624322379678,23673512900,279.8200,23673512900,167.1000,40.91061618489244,183.83279314663943,59.30598496009437,16.07475838535142
1,0,878982988000,0,0,0,GAZP,0,RUB,4078509688000,1115308467000,0,2252839212000,0,718311180000,718311180000,823415869000,862451312000,862451312000,10642559658000,10642559658000,MOEX,0,0,,1405118495000,1341218000,56513107000,17477664000,-39035443000,https://cdn.financemarker.ru/reports/2021/MOEX/G/GAZP_2021_6_Q_РСБУ.pdf,0,12033739946000,2278763793000,0,3216850764000,6,2515089272000,536275264000,6M,0,93952000,2754475117000,815742967000,16112249633999.998,3394072260000,868843231000,5469689976000,РСБУ,2021,6624322379678,23673512900,279.8200,23673512900,167.1000,30.342399247388418,116.35261435999217,36.43106604596904,0
1,416657000000,1411790000000,-47066000000,-359642000000,568990000000,GAZP,0,RUB,4411770000000,611833000000,0,2966366000000,206173000000,529907000000,521235000000,667740000000,569341000000,702981000000,15632773000000,15059143000000,MOEX,152333000000,0,X,0,3673640000000,79856000000,178255000000,98399000000,https://cdn.financemarker.ru/reports/2021/MOEX/G/GAZP_2021_6_6M_МСФО.pdf,https://www.gazprom.ru/press/news/2021/august/article536422/,20212480000000,4195670000000,215480000000,6025111000000,6,3395713000000,496405000000,Q,0,0,2066807000000,0,24624250000000,4807503000000,-496405000000,8991477000000,МСФО,2021,6624322379678,23673512900,279.8200,23673512900,167.1000,22.01764487601669,87.30461798088277,29.694832489351423,6.434744207311962
1,0,878982988000,0,0,0,GAZP,0,RUB,4078509688000,1115308467000,0,2252839212000,0,355673785000,355673785000,421505665000,439198381000,439198381000,10642559658000,10642559658000,MOEX,0,0,X,632743127000,3673636000,28028089000,10335373000,-17692716000,https://cdn.financemarker.ru/reports/2021/MOEX/G/GAZP_2021_6_Q_РСБУ.pdf,0,12033739946000,2278763793000,0,3216850764000,6,2515089272000,269330632999.99997,Q,0,0,1264325553000,329725366000,16112249633999.998,3394072260000,363412494000,5469689976000,РСБУ,2021,6624322379678,23673512900,279.8200,23673512900,167.1000,15.024123648332733,53.406757093494136,18.5523113048423,0
1,1293894000000,1307630000000,-213343000000,-1268206000000,1782380000000,GAZP,0,RUB,5247814000000,734041000000,0,3669488000000,619993000000,1579938000000,1550299000000,1946480000000,1814857000000,2213614000000,16340174000000,15755706000000,MOEX,488486000000,0,,0,19195000000,289834000000,421457000000,131623000000,https://cdn.financemarker.ru/reports/2021/MOEX/G/GAZP_2021_9_9M_МСФО.pdf,https://www.gazprom.ru/press/news/2021/november/article543812/,20764464000000,4058160000000,224891000000,6002616000000,9,3484571000000,1589217000000,9M,0,60157000000,6725132000000,0,26012278000000,4792201000000,-1589217000000,9672104000000,МСФО,2021,8575730048025,23673512900,362.2500,23673512900,167.1000,65.48664773786065,284.07832958327026,93.50593675516573,20.634284487622452
1,0,724486016000,0,0,0,GAZP,0,RUB,4367585963000.0005,1242313689000,0,2117305311999.9998,0,1055028770999.9999,1055028770999.9999,1235645342000,1069577399000,1069577399000,10976889895000,10976889895000,MOEX,0,0,,2223202940000,1317851000,28561906000,194629849000,166067943000,https://cdn.financemarker.ru/reports/2021/MOEX/G/GAZP_2021_9_Q_РСБУ.pdf,0,11859762072000,2213225370000,0,3133152528000,9,2731053043000,1002181860000,9M,0,59163000.00000001,4215151743000.0005,1139444682000,16227348035000,3455539059000,1221021080000,5250457840000,РСБУ,2021,8575730048025,23673512900,362.2500,23673512900,167.1000,44.565788586450125,178.05349636132794,45.180341570684256,0
1,462454000000,1307630000000,-257838000000,-413146000000,570394000000,GAZP,0,RUB,5247814000000,734041000000,0,3669488000000,206150000000,584417000000,581801000000,705254000000,683894000000,809633000000,16340174000000,15755706000000,MOEX,107940000000,0,X,0,3673641000000,72119000000,93479000000,21360000000,https://cdn.financemarker.ru/reports/2021/MOEX/G/GAZP_2021_9_9M_МСФО.pdf,https://www.gazprom.ru/press/news/2021/november/article543812/,20764464000000,4058160000000,224891000000,6002616000000,9,3484571000000,602619000000,Q,0,0,2373164000000,0,26012278000000,4792201000000,-602619000000,9672104000000,МСФО,2021,8575730048025,23673512900,362.2500,23673512900,167.1000,24.57603155296821,100.24553643663083,34.19995179507136,4.5595261022710325
1,0,724486016000,0,0,0,GAZP,0,RUB,4367585963000.0005,1242313689000,0,2117305311999.9998,0,336717591000,336717591000,412229473000,207126087000,207126087000,10976889895000,10976889895000,MOEX,0,0,X,818084445000,3673637000,-27951201000,177152185000,205103386000,https://cdn.financemarker.ru/reports/2021/MOEX/G/GAZP_2021_9_Q_РСБУ.pdf,0,11859762072000,2213225370000,0,3133152528000,9,2731053043000,465906596000,Q,0,0,1460676626000,323701715000,16227348035000,3455539059000,352177849000,5250457840000,РСБУ,2021,8575730048025,23673512900,362.2500,23673512900,167.1000,14.223389339061717,61.70088200133576,8.74927552471522,0
1,1102326000000,2013923000000,-223426000000,-975377000000,1803404000000,GAZP,0,RUB,6214283000000,697046000000,0,4022945000000,414184000000,1163565000000,1124573000000,1528288000000,1522494000000,2282909000000,16866579000000.002,16251519000000,MOEX,701078000000,0,X,0,3673643000000,281395000000,287189000000,5794000000,https://cdn.financemarker.ru/reports/2021/MOEX/G/GAZP_2021_12_Q_МСФО.pdf,https://www.gazprom.ru/press/news/2022/april/article551728/,20832947000000,4186656000000.0005,230458000000,6157706000000,12,2869779000000,1424663000000,6M,0,0,5889385000000,0,27047230000000,4883702000000,-1424663000000,10180651000000,МСФО,2021,8077639336609,23673512900,341.2100,23673512900,167.1000,47.503427343053936,248.7752884363858,96.43304775439559,29.614447292273216
1,1709819000000,2031239000000,-90465000000,-1982408000000,3096656000000,GAZP,0,RUB,6509342000000,695619000000,0,3454128000000,1109099000000,1527710000000,1527710000000,2051113000000.0002,2109014000000.0002,3218113000000,17842977000000,17842977000000,MOEX,1386837000000,0,X,1816400000000,3673639000000,108300000000,50399000000,-57901000000,https://cdn.financemarker.ru/reports/2021/MOEX/G/GAZP_2021_12_Q_РСБУ.pdf,0,20760935000000,4213299000000.0005,0,5973172000000,12,2877679000000,2275504000000,6M,0,0,7744212000000,-814306000000,27270277000000,4908918000000,-459103000000,9427300000000,РСБУ,2021,8077639336609,23673512900,341.2100,23673512900,167.1000,64.53245897443468,327.1255952892399,135.9372820414836,58.581800084262106
1,639872000000,2013923000000,34412000000,-562231000000,1233010000000,GAZP,0,RUB,6214283000000,697046000000,0,4022945000000,208034000000,579148000000,542772000000.00006,823034000000,838600000000,1473276000000,16866579000000.002,16251519000000,MOEX,593138000000,0,X,0,3673642000000,209276000000,193710000000,-15566000000,https://cdn.financemarker.ru/reports/2021/MOEX/G/GAZP_2021_12_Q_МСФО.pdf,https://www.gazprom.ru/press/news/2022/april/article551728/,20832947000000,4186656000000.0005,230458000000,6157706000000,12,2869779000000,822044000000,Q,0,0,3516221000000,0,27047230000000,4883702000000,-822044000000,10180651000000,МСФО,2021,8077639336609,23673512900,341.2100,23673512900,167.1000,22.927395790085722,148.52975199975498,62.23309595932423,25.054921190002183
1,1709819000000,2031239000000,-90465000000,-1982408000000,3096656000000,GAZP,0,RUB,6509342000000,695619000000,0,3454128000000,1109099000000,1190992000000,1190992000000,1638884000000,1901888000000,3010987000000,17842977000000,17842977000000,MOEX,1386837000000,0,X,998316000000,3673638000000,136251000000.00002,-126753000000,-263004000000.00003,https://cdn.financemarker.ru/reports/2021/MOEX/G/GAZP_2021_12_Q_РСБУ.pdf,0,20760935000000,4213299000000.0005,0,5973172000000,12,2877679000000,1809597000000,Q,0,0,6283535000000,-1138008000000,27270277000000,4908918000000,-811281000000,9427300000000,РСБУ,2021,8077639336609,23673512900,341.2100,23673512900,167.1000,50.309052358680574,265.4246974896573,127.1880101917616,58.581800084262106
1,1933766000000,2013923000000,-178931000000,-1830437000000,3015390000000,GAZP,0,RUB,6214283000000,697046000000,0,4022945000000,828027000000,2159086000000.0002,2093071000000.0002,2769514000000,2653457000000,3686890000000,16866579000000.002,16251519000000,MOEX,1081624000000.0001,0,,0,252607000000,499110000000,615167000000,116057000000,https://cdn.financemarker.ru/reports/2021/MOEX/G/GAZP_2021_12_Q_МСФО.pdf,https://www.gazprom.ru/press/news/2022/april/article551728/,20832947000000,4186656000000.0005,230458000000,6157706000000,12,2869779000000,2411261000000,Y,0,77613000000,10241353000000,0,27047230000000,4883702000000,-2411261000000,10180651000000,МСФО,2021,8077639336609,23673512900,341.2100,23673512900,167.1000,88.41404352794639,432.60808158302524,155.73903271448995,45.68920567762464
1,1709819000000,2031239000000,-90465000000,-1982408000000,3096656000000,GAZP,0,RUB,6509342000000,695619000000,0,3454128000000,1109099000000,2246021000000,2246021000000,2874529000000,2971465000000,4080564000000,17842977000000,17842977000000,MOEX,1386837000000,0,,3221519000000,1291405000000,164813000000,67877000000.00001,-96936000000,https://cdn.financemarker.ru/reports/2021/MOEX/G/GAZP_2021_12_Q_РСБУ.pdf,0,20760935000000,4213299000000.0005,0,5973172000000,12,2877679000000,2811779000000,Y,0,77612000000,10498687000000,1437000000,27270277000000,4908918000000,409740000000,9427300000000,РСБУ,2021,8077639336609,23673512900,341.2100,23673512900,167.1000,94.87485061838879,443.4782047069998,172.3683349081665,58.581800084262106